<collection xmlns="http://www.loc.gov/MARC21/slim">
<record>
  <leader>00684nam0a22001811i 450 </leader>
  <controlfield tag="001">IT\ICCU\CNCE\023050</controlfield>
  <controlfield tag="005">20100331000000.0</controlfield>
  <datafield tag="100" ind1=" " ind2=" ">
    <subfield code="a">19970101f1522        0itac0103    ba</subfield>
  </datafield>
  <datafield tag="101" ind1=" " ind2=" ">
    <subfield code="a">ITA</subfield>
  </datafield>
  <datafield tag="102" ind1=" " ind2=" ">
    <subfield code="a">IT</subfield>
  </datafield>
  <datafield tag="200" ind1="1" ind2=" ">
    <subfield code="a">℗La ℗hystoria et festa di Susanna</subfield>
  </datafield>
  <datafield tag="210" ind1=" " ind2=" ">
    <subfield code="a">In Bressa</subfield>
    <subfield code="c">per Ludouico Britannico &amp; li fratelli</subfield>
    <subfield code="d">\circa 1522!</subfield>
  </datafield>
  <datafield tag="215" ind1=" " ind2=" ">
    <subfield code="a">\4! c.</subfield>
    <subfield code="d">4ʻ</subfield>
  </datafield>
  <datafield tag="300" ind1=" " ind2=" ">
    <subfield code="a">Per la data cfr.: E. Sandal, La stampa a Brescia nel Cinquecento. Notizie storiche e annali tipografici (1501-1553), n. 87</subfield>
  </datafield>
  <datafield tag="500" ind1="1" ind2="1">
    <subfield code="3">IT\ICCU\CNCE\075157</subfield>
    <subfield code="a">Storia di Susanna e Daniello</subfield>
  </datafield>
  <datafield tag="620" ind1=" " ind2=" ">
    <subfield code="a">IT</subfield>
    <subfield code="d">Brescia</subfield>
  </datafield>
  <datafield tag="712" ind1="0" ind2="0">
    <subfield code="a">Britannico, Lodovico &lt;1.&gt; &amp; fratelli</subfield>
    <subfield code="3">IT\ICCU\CNCT\000905</subfield>
    <subfield code="4">650</subfield>
  </datafield>
  <datafield tag="801" ind1=" " ind2="3">
    <subfield code="a">IT</subfield>
    <subfield code="b">ICCU</subfield>
    <subfield code="c">20201114</subfield>
  </datafield>
</record>
</collection>
